@inproceedings{devlin2019bert,
  title={{BERT}: Pre-training of Deep Bidirectional Transformers for Language Understanding},
  author={Devlin, Jacob and Chang, Ming-Wei and Lee, Kenton and Toutanova, Kristina},
  booktitle={Proceedings of the 2019 Conference of the North American Chapter of the Association for Computational Linguistics: Human Language Technologies, Volume 1 (Long and Short Papers)},
  pages={4171--4186},
  year={2019}
}

@inproceedings{devlin2019bert,
  title={BERT: Pre-training of Deep Bidirectional Transformers for Language Understanding},
  author={Devlin, Jacob and Chang, Ming-Wei and Lee, Kenton and Toutanova, Kristina},
  booktitle={Proceedings of the 2019 Conference of the North American Chapter of the Association for Computational Linguistics: Human Language Technologies},
  pages={4171--4186},
  year={2019}
}

@inproceedings{bonneau2012quest,
  title={The Quest to Replace Passwords: A Framework for Comparative Evaluation of Web Authentication Schemes},
  author={Bonneau, Joseph and Herley, Cormac and Van Oorschot, Paul C and Stajano, Frank},
  booktitle={2012 IEEE Symposium on Security and Privacy},
  pages={553--567},
  year={2012},
  organization={IEEE}
}

@article{turan2018recommendation,
  title={A Recommendation Based on Trust and Context Awareness in Social Network},
  author={Turan, Faruk and Mencke, Martin and Ünver, Hakki Gökhan},
  journal={International Journal of Intelligent Systems and Applications in Engineering},
  volume={6},
  number={2},
  pages={161--166},
  year={2018}
}